@article{CMS:2012discovery,
      author         = "Chatrchyan, Serguei and others",
      title          = "{Observation of a new boson at a mass of 125 GeV with the
                        CMS experiment at the LHC}",
      collaboration  = "CMS",
      journal        = "Phys.Lett.B",
      year           = "2012",
      eprint         = "1207.7235",
      archivePrefix  = "arXiv",
      primaryClass   = "hep-ex",
      reportNumber   = "CMS-HIG-12-028, CERN-PH-EP-2012-220",
      SLACcitation   = "%%CITATION = ARXIV:1207.7235;%%",
}

@article{ATLAS:2012discovery,
      author         = "Aad, Georges and others",
      title          = "{Observation of a new particle in the search for the
                        Standard Model Higgs boson with the ATLAS detector at the
                        LHC}",
      collaboration  = "ATLAS",
      journal        = "Phys.Lett.B",
      year           = "2012",
      eprint         = "1207.7214",
      archivePrefix  = "arXiv",
      primaryClass   = "hep-ex",
      reportNumber   = "CERN-PH-EP-2012-218",
      SLACcitation   = "%%CITATION = ARXIV:1207.7214;%%",
}

@misc{CMS:HiggsResultsTwiki,
      title          = "CMS Higgs Physics Results",
      note           = "URL~\url{https://twiki.cern.ch/twiki/bin/view/CMSPublic/PhysicsResultsHIG}",
}

@misc{ATLAS:HiggsResultsTwiki,
      title          = "ATLAS Higgs Physics Public Results",
      note           = "URL~\url{https://twiki.cern.ch/twiki/bin/view/AtlasPublic/HiggsPublicResults}",
}
