@article{CMS:2012discovery,
      author         = "Chatrchyan, Serguei and others",
      title          = "{Observation of a new boson at a mass of 125 GeV with the
                        CMS experiment at the LHC}",
      collaboration  = "CMS",
      journal        = "Phys.Lett.B",
      year           = "2012",
      eprint         = "1207.7235",
      archivePrefix  = "arXiv",
      primaryClass   = "hep-ex",
      reportNumber   = "CMS-HIG-12-028, CERN-PH-EP-2012-220",
      SLACcitation   = "%%CITATION = ARXIV:1207.7235;%%",
}

@article{ATLAS:2012discovery,
      author         = "Aad, Georges and others",
      title          = "{Observation of a new particle in the search for the
                        Standard Model Higgs boson with the ATLAS detector at the
                        LHC}",
      collaboration  = "ATLAS",
      journal        = "Phys.Lett.B",
      year           = "2012",
      eprint         = "1207.7214",
      archivePrefix  = "arXiv",
      primaryClass   = "hep-ex",
      reportNumber   = "CERN-PH-EP-2012-218",
      SLACcitation   = "%%CITATION = ARXIV:1207.7214;%%",
}

@misc{CMS:HiggsResultsTwiki,
      title          = "CMS Higgs Physics Results",
      note           = "URL~\url{https://twiki.cern.ch/twiki/bin/view/CMSPublic/PhysicsResultsHIG}",
}

@misc{ATLAS:HiggsResultsTwiki,
      title          = "ATLAS Higgs Physics Public Results",
      note           = "URL~\url{https://twiki.cern.ch/twiki/bin/view/AtlasPublic/HiggsPublicResults}",
}

@book{Peskin_Schroeder,
      author         = "Michael E. Peskin and Daniel V. Schroeder",
      title          = "An Introduction to Quantum Field Theory",
      publisher      = "Westview Press",
      year           = "1995",
      address        = "URL~\url{http://www.westviewpress.com}",
}

@article{th:Wilson_renormalization1,
  title = {Renormalization Group and Critical Phenomena. I. Renormalization Group and the Kadanoff Scaling Picture},
  author = {Wilson, Kenneth G.},
  journal = {Phys. Rev. B},
  volume = {4},
  issue = {9},
  pages = {3174--3183},
  numpages = {0},
  year = {1971},
  month = {Nov},
  publisher = {American Physical Society},
  doi = {10.1103/PhysRevB.4.3174},
  url = {http://link.aps.org/doi/10.1103/PhysRevB.4.3174}
}

@article{th:Wilson_renormalization2,
  title = {Renormalization Group and Critical Phenomena. II. Phase-Space Cell Analysis of Critical Behavior},
  author = {Wilson, Kenneth G.},
  journal = {Phys. Rev. B},
  volume = {4},
  issue = {9},
  pages = {3184--3205},
  numpages = {0},
  year = {1971},
  month = {Nov},
  publisher = {American Physical Society},
  doi = {10.1103/PhysRevB.4.3184},
  url = {http://link.aps.org/doi/10.1103/PhysRevB.4.3184}
}

@article{Bethke_WorldAvgAlphaS_QCD,
      author         = "Bethke, Siegfried",
      title          = "{The 2009 World Average of alpha(s)}",
      journal        = "Eur.Phys.J.",
      volume         = "C64",
      pages          = "689-703",
      doi            = "10.1140/epjc/s10052-009-1173-1",
      year           = "2009",
      eprint         = "0908.1135",
      archivePrefix  = "arXiv",
      primaryClass   = "hep-ph",
      SLACcitation   = "%%CITATION = ARXIV:0908.1135;%%",
}

@book{Weyl,
      author         = "Hermann Weyl",
      title          = "The theory of groups and quantum mechanics",
      publisher      = "Dover Press",
      year           = "1930",
      address        = "URL~\url{https://ia700807.us.archive.org/20/items/ost-chemistry-quantumtheoryofa029235mbp/quantumtheoryofa029235mbp.pdf}",
}


@article{th:Yang_Mills,
  title = {Conservation of Isotopic Spin and Isotopic Gauge Invariance},
  author = {Yang, C. N. and Mills, R. L.},
  journal = {Phys. Rev.},
  volume = {96},
  issue = {1},
  pages = {191--195},
  numpages = {0},
  year = {1954},
  month = {Oct},
  publisher = {American Physical Society},
  doi = {10.1103/PhysRev.96.191},
  url = {http://link.aps.org/doi/10.1103/PhysRev.96.191}
}

@article{th:GellMann_QuarkModel,
      author         = "Gell-Mann, Murray",
      title          = "{A Schematic Model of Baryons and Mesons}",
      journal        = "Phys.Lett.",
      volume         = "8",
      pages          = "214-215",
      doi            = "10.1016/S0031-9163(64)92001-3",
      year           = "1964",
      SLACcitation   = "%%CITATION = PHLTA,8,214;%%",
}

@techreport{th:Zweig_QuarkModel1,
      author        = "Zweig, G",
      title         = "{An SU$_3$ model for strong interaction symmetry and its
                       breaking; Version 1}",
      institution   = "CERN",
      address       = "Geneva",
      number        = "CERN-TH-401",
      month         = "Jan",
      year          = "1964",
}

@article{th:Zweig_QuarkModel2,
      author        = "Zweig, G",
      title         = "{An SU$_3$ model for strong interaction symmetry and its
                       breaking; Version 2}",
      number        = "CERN-TH-412",
      pages         = "80 p",
      month         = "Feb",
      year          = "1964",
      note          = ""Version 1 is CERN preprint 8182/TH.401, Jan. 17, 1964"",
}

@article{th:Greenberg_color,
  title = {Spin and Unitary-Spin Independence in a Paraquark Model of Baryons and Mesons},
  author = {Greenberg, O. W.},
  journal = {Phys. Rev. Lett.},
  volume = {13},
  issue = {20},
  pages = {598--602},
  numpages = {0},
  year = {1964},
  month = {Nov},
  publisher = {American Physical Society},
  doi = {10.1103/PhysRevLett.13.598},
  url = {http://link.aps.org/doi/10.1103/PhysRevLett.13.598}
}


@article{th:Higgs_BrokenSymmetries,
title = "Broken symmetries, massless particles and gauge fields ",
journal = "Physics Letters ",
volume = "12",
number = "2",
pages = "132 - 133",
year = "1964",
note = "",
issn = "0031-9163",
doi = "http://dx.doi.org/10.1016/0031-9163(64)91136-9",
url = "http://www.sciencedirect.com/science/article/pii/0031916364911369",
author = "P.W. Higgs"
}

@article{th:Weinberg_ModelOfLeptons,
  title = {A Model of Leptons},
  author = {Weinberg, Steven},
  journal = {Phys. Rev. Lett.},
  volume = {19},
  issue = {21},
  pages = {1264--1266},
  numpages = {0},
  year = {1967},
  month = {Nov},
  publisher = {American Physical Society},
  doi = {10.1103/PhysRevLett.19.1264},
  url = {http://link.aps.org/doi/10.1103/PhysRevLett.19.1264}
}

@article{th:Glashow_PartialSymmetries,
title = "Partial-symmetries of weak interactions ",
journal = "Nuclear Physics ",
volume = "22",
number = "4",
pages = "579 - 588",
year = "1961",
note = "",
issn = "0029-5582",
doi = "http://dx.doi.org/10.1016/0029-5582(61)90469-2",
url = "http://www.sciencedirect.com/science/article/pii/0029558261904692",
author = "Sheldon L. Glashow"
}

@article{th:Salam_EWKInteractions,
title = "Electromagnetic and weak interactions ",
journal = "Physics Letters ",
volume = "13",
number = "2",
pages = "168 - 171",
year = "1964",
note = "",
issn = "0031-9163",
doi = "http://dx.doi.org/10.1016/0031-9163(64)90711-5",
url = "http://www.sciencedirect.com/science/article/pii/0031916364907115",
author = "A. Salam and J.C. Ward"
}

@misc{th:YangLee_NobelPrize,
title = "The Nobel Prize in Physics 1957",
author = "Nobelprize.org",
publisher = "Nobel Media",
note = "URL~\url{http://www.nobelprize.org/nobel_prizes/physics/laureates/1957/}"
}

@article{th:CKM_matrix_C,
  title = {Unitary Symmetry and Leptonic Decays},
  author = {Cabibbo, Nicola},
  journal = {Phys. Rev. Lett.},
  volume = {10},
  issue = {12},
  pages = {531--533},
  numpages = {0},
  year = {1963},
  month = {Jun},
  publisher = {American Physical Society},
  doi = {10.1103/PhysRevLett.10.531},
  url = {http://link.aps.org/doi/10.1103/PhysRevLett.10.531}
}

@article{th:CKM_Matrix_KM,
      author         = "Kobayashi, Makoto and Maskawa, Toshihide",
      title          = "{CP Violation in the Renormalizable Theory of Weak
                        Interaction}",
      journal        = "Prog.Theor.Phys.",
      volume         = "49",
      pages          = "652-657",
      doi            = "10.1143/PTP.49.652",
      year           = "1973",
      reportNumber   = "KUNS-242",
      SLACcitation   = "%%CITATION = PTPKA,49,652;%%",
}

@article{th:GIM,
  title = {Weak Interactions with Lepton-Hadron Symmetry},
  author = {Glashow, S. L. and Iliopoulos, J. and Maiani, L.},
  journal = {Phys. Rev. D},
  volume = {2},
  issue = {7},
  pages = {1285--1292},
  numpages = {0},
  year = {1970},
  month = {Oct},
  publisher = {American Physical Society},
  doi = {10.1103/PhysRevD.2.1285},
  url = {http://link.aps.org/doi/10.1103/PhysRevD.2.1285}
}

@article{ex:UA1_W,
title = "Experimental observation of isolated large transverse energy electrons with associated missing energy at s=540 GeV ",
journal = "Physics Letters B ",
volume = "122",
number = "1",
pages = "103 - 116",
year = "1983",
note = "",
issn = "0370-2693",
doi = "http://dx.doi.org/10.1016/0370-2693(83)91177-2",
url = "http://www.sciencedirect.com/science/article/pii/0370269383911772",
author = "G. Arnison and A. Astbury and B. Aubert and C. Bacci and G. Bauer and A. Bézaguet and R. Böck and T.J.V. Bowcock and M. Calvetti and T. Carroll and P. Catz and P. Cennini and S. Centro and F. Ceradini and S. Cittolin and D. Cline and C. Cochet and J. Colas and M. Corden and D. Dallman and M. DeBeer and M. Della Negra and M. Demoulin and D. Denegri and A. Di Ciaccio and D. DiBitonto and L. Dobrzynski and J.D. Dowell and M. Edwards and K. Eggert and E. Eisenhandler and N. Ellis and P. Erhard and H. Faissner and G. Fontaine and R. Frey and R. Frühwirth and J. Garvey and S. Geer and C. Ghesquière and P. Ghez and K.L. Giboni and W.R. Gibson and Y. Giraud-Héraud and A. Givernaud and A. Gonidec and G. Grayer and P. Gutierrez and T. Hansl-Kozanecka and W.J. Haynes and L.O. Hertzberger and C. Hodges and D. Hoffmann and H. Hoffmann and D.J. Holthuizen and R.J. Homer and A. Honma and W. Jank and G. Jorat and P.I.P. Kalmus and V. Karimäki and R. Keeler and I. Kenyon and A. Kernan and R. Kinnunen and H. Kowalski and W. Kozanecki and D. Kryn and F. Lacava and J.-P. Laugier and J.-P. Lees and H. Lehmann and K. Leuchs and A. Lévêque and E. Linglin and E. Locci and M. Loret and J.-J. Malosse and T. Markiewicz and G. Maurin and T. McMahon and J.-P. Mendiburu and M.-N. Minard and M. Moricca and H. Muirhead and F. Muller and A.K. Nandi and L. Naumann and A. Norton and A. Orkin-Lecourtois and L. Paoluzi and G. Petrucci and G.Piano Mortari and M. Pimiä and A. Placci and E. Radermacher and J. Ransdell and H. Reithler and J.-P. Revol and J. Rich and M. Rijssenbeek and C. Roberts and J. Rohlf and P. Rossi and C. Rubbia and B. Sadoulet and G. Sajot and G. Salvi and J. Salvini and J. Sass and A. Saudraix and A. Savoy-Navarro and D. Schinzel and W. Scott and T.P. Shah and M. Spiro and J. Strauss and K. Sumorok and F. Szoncso and D. Smith and C. Tao and G. Thompson and J. Timmer and E. Tscheslog and J. Tuominiemi and S. Van der Meer and J.-P. Vialle and J. Vrana and V. Vuillemin and H.D. Wahl and P. Watkins and J. Wilson and Y.G. Xie and M. Yvert and E. Zurfluh"
}

@article{ex:UA1_Z,
title = "Experimental observation of lepton pairs of invariant mass around 95 GeV/c2 at the \{CERN\} \{SPS\} collider ",
journal = "Physics Letters B ",
volume = "126",
number = "5",
pages = "398 - 410",
year = "1983",
note = "",
issn = "0370-2693",
doi = "http://dx.doi.org/10.1016/0370-2693(83)90188-0",
url = "http://www.sciencedirect.com/science/article/pii/0370269383901880",
author = "G. Arnison and A. Astbury and B. Aubert and C. Bacci and G. Bauer and A. Bézaguet and R. Böck and T.J.V. Bowcock and M. Calvetti and P. Catz and P. Cennini and S. Centro and F. Ceradini and S. Cittolin and D. Cline and C. Cochet and J. Colas and M. Corden and D. Dallman and D. Dau and M. DeBeer and M.Della Negra and M. Demoulin and D. Denegri and A. Di Ciaccio and D. Dibitonto and L. Dobrzynski and J.D. Dowell and K. Eggert and E. Eisenhandler and N. Ellis and P. Erhard and H. Faissner and M. Fincke and G. Fontaine and R. Frey and R. Frühwirth and J. Garvey and S. Geer and C. Ghesquière and P. Ghez and K. Giboni and W.R. Gibson and Y. Giraud-Héraud and A. Givernaud and A. Gonidec and G. Grayer and T. Hansl-Kozaȧecka and W.J. Haynes and L.O. Hertzberger and C. Hodges and D. Hoffmann and H. Hoffmann and D.J. Holthuizen and R.J. Homer and A. Honma and W. Jank and G. Jorat and P.I.P. Kalmus and V. Karimäki and R. Keeler and I. Kenyon and A. Kernan and R. Kinnunen and W. Kozanecki and D. Kryn and F. Lacava and J.-P. Laugier and J.-P. Lees and H. Lehmann and R. Leuchs and A. Lévêque and D. Linglin and E. Locci and J.-J. Malosse and T. Markiewicz and G. Maurin and T. McMahon and J.-P. Mendiburu and M.-N. Minard and M. Mohammadi and M. Moricca and K. Morgan and H. Muirhead and F. Muller and A.K. Nandi and L. Naumann and A. Norton and A. Orkin-Lecourtois and L. Paoluzi and F. Pauss and G.Piano Mortari and E. Pietarinen and M. Pimiä and A. Placci and J.P. Porte and E. Radermacher and J. Ransdell and H. Reithler and J.-P. Revol and J. Rich and M. Rijssenbeek and C. Roberts and J. Rohlf and P. Rossi and C. Rubbia and B. Sadoulet and G. Sajot and G. Salvi and G. Salvini and J. Sass and J. Saudraix and A. Savoy-Navarro and D. Schinzel and W. Scott and T.P. Shah and M. Spiro and J. Strauss and J. Streets and K. Sumorok and F. Szoncso and D. Smith and C. Tao and G. Thompson and J. Timmer and E. Tscheslog and J. Touminiemi and B. Van Eijk and J.-P. Vialle and J. Vrana and V. Vuillemin and H.D. Wahl and P. Watkins and J. Wilson and C. Wulz and G.Y. Xie and M. Yvert and E. Zurfluh"
}

@article{ex:UA2_W,
title = "Observation of single isolated electrons of high transverse momentum in events with missing transverse energy at the \{CERN\} pp collider ",
journal = "Physics Letters B ",
volume = "122",
number = "5–6",
pages = "476 - 485",
year = "1983",
note = "",
issn = "0370-2693",
doi = "http://dx.doi.org/10.1016/0370-2693(83)91605-2",
url = "http://www.sciencedirect.com/science/article/pii/0370269383916052",
author = "M. Banner and R. Battiston and Ph. Bloch and F. Bonaudi and K. Borer and M. Borghini and J.-C. Chollet and A.G. Clark and C. Conta and P. Darriulat and L. Di Lella and J. Dines-Hansen and P.-A. Dorsaz and L. Fayard and M. Fraternali and D. Froidevaux and J.-M. Gaillard and O. Gildemeister and V.G. Goggi and H. Grote and B. Hahn and H. Hänni and J.R. Hansen and P. Hansen and T. Himel and V. Hungerbühler and P. Jenni and O. Kofoed-Hansen and E. Lançon and M. Livan and S. Loucatos and B. Madsen and P. Mani and B. Mansoulie and G.C. Mantovani and L. Mapelli and B. Merkel and M. Mermikides and R. Møllerud and B. Nilsson and C. Onions and G. Parrour and F. Pastore and H. Plothow-Besch and M. Polverel and J.-P. Repellin and A. Rothenberg and A. Roussarie and G. Sauvage and J. Schacher and J.L. Siegrist and H.M. Steiner and G. Stimpfl and F. Stocker and J. Teiger and V. Vercesi and A. Weidberg and H. Zaccone and W. Zeller"
}

@article{ex:UA2_Z,
title = "Evidence for Z0→e+e− at the \{CERN\} pp collider ",
journal = "Physics Letters B ",
volume = "129",
number = "1–2",
pages = "130 - 140",
year = "1983",
note = "",
issn = "0370-2693",
doi = "http://dx.doi.org/10.1016/0370-2693(83)90744-X",
url = "http://www.sciencedirect.com/science/article/pii/037026938390744X",
author = "P. Bagnaia and M. Banner and R. Battiston and Ph. Bloch and F. Bonaudi and K. Borer and M. Borghini and J.-C. Chollet and A.G. Clark and C. Conta and P. Darriulat and L. Di Lella and J. Dines-Hansen and P.A. Dorsaz and L. Fayard and M. Fraternali and D. Froidevaux and G. Fumagalli and J.-M. Gaillard and O. Gildemeister and V.G. Goggi and H. Grote and B. Hahn and H. Hänni and J.R. Hansen and P. Hansen and T. Himel and V. Hungerbühler and P. Jenni and O. Kofoed-Hansen and E. Lançon and M. Livan and S. Loucatos and B. Madsen and P. Mani and B. Mansoulié and G.C. Mantovani and L. Mapelli and B. Merkel and M. Mermikides and R. Møllerud and B. Nilsson and C. Onions and G. Parrour and F. Pastore and H. Plothow-Besch and M. Polverel and J.-P. Repellin and A. Rimoldi and A. Rothenberg and A. Roussarie and G. Sauvage and J. Schacher and J.L. Siegrist and H.M. Steiner and G. Stimpfl and F. Stocker and J. Teiger and V. Vercesi and A.R. Weidberg and H. Zaccone and J.A. Zakrzewski and W. Zeller"
}

@Article{ex:LEP_Z-Pole,
author ="{The ALEPH, DELPHI, L3, OPAL, SLD Collaborations,
the LEP Electroweak Working Group,
the SLD Electroweak and Heavy Flavour Groups}",
title ="{Precision Electroweak Measurements on the Z Resonance}",
journal = "Phys. Rept.",
volume = "427",
year = "2006",
pages = "257",
eprint = "hep-ex/0509008",
SLACcitation = "%%CITATION = HEP-EX 0509008;%%"
}

@Article{ex:LEP-2_W,
author = "{The ALEPH, DELPHI, L3, OPAL Collaborations, the LEP Electroweak Working Group}",
title = "{Electroweak Measurements in Electron-Positron Collisions at W-Boson-Pair Energies at LEP}",
journal = "Phys. Rept.",
volume = "532",
year = "2013",
pages = "119",
eprint = "1302.3415",
archivePrefix = "arXiv",
primaryClass = "hep-ex",
reportNumber = "CERN-PH-EP-2013-022",
SLACcitation = "%%CITATION = ARXIV:1302.3415;%%",
}

@article{ex:CDF_topQuark,
  title = {Observation of Top Quark Production in $\overline{\mathit{p}}\mathit{p}$ Collisions with the Collider Detector at Fermilab},
  author = {Abe, F. and Akimoto, H. and Akopian, A. and Albrow, M. G. and Amendolia, S. R. and Amidei, D. and Antos, J. and Anway-Wiese, C. and Aota, S. and Apollinari, G. and Asakawa, T. and Ashmanskas, W. and Atac, M. and Auchincloss, P. and Azfar, F. and Azzi-Bacchetta, P. and Bacchetta, N. and Badgett, W. and Bagdasarov, S. and Bailey, M. W. and Bao, J. and de Barbaro, P. and Barbaro-Galtieri, A. and Barnes, V. E. and Barnett, B. A. and Bartalini, P. and Bauer, G. and Baumann, T. and Bedeschi, F. and Behrends, S. and Belforte, S. and Bellettini, G. and Bellinger, J. and Benjamin, D. and Benlloch, J. and Bensinger, J. and Benton, D. and Beretvas, A. and Berge, J. P. and Bertolucci, S. and Bhatti, A. and Biery, K. and Binkley, M. and Bisello, D. and Blair, R. E. and Blocker, C. and Bodek, A. and Bokhari, W. and Bolognesi, V. and Bortoletto, D. and Boudreau, J. and Brandenburg, G. and Breccia, L. and Bromberg, C. and Buckley-Geer, E. and Budd, H. S. and Burkett, K. and Busetto, G. and Byon-Wagner, A. and Byrum, K. L. and Cammerata, J. and Campagnari, C. and Campbell, M. and Caner, A. and Carithers, W. and Carlsmith, D. and Castro, A. and Cauz, G. and Cen, Y. and Cervelli, F. and Chao, H. Y. and Chapman, J. and Cheng, M.-T. and Chiarelli, G. and Chikamatsu, T. and Chiou, C. N. and Christofek, L. and Cihangir, S. and Clark, A. G. and Cobal, M. and Contreras, M. and Conway, J. and Cooper, J. and Cordelli, M. and Couyoumtzelis, C. and Crane, D. and Cronin-Hennessy, D. and Culbertson, R. and Cunningham, J. D. and Daniels, T. and DeJongh, F. and Delchamps, S. and Dell'Agnello, S. and Dell'Orso, M. and Demortier, L. and Denby, B. and Deninno, M. and Derwent, P. F. and Devlin, T. and Dickson, M. and Dittmann, J. R. and Donati, S. and Drucker, R. B. and Dunn, A. and Eddy, N. and Einsweiler, K. and Elias, J. E. and Ely, R. and Engels, Jr., E. and Errede, D. and Errede, S. and Fan, Q. and Fiori, I. and Flaugher, B. and Foster, G. W. and Franklin, M. and Frautschi, M. and Freeman, J. and Friedman, J. and Frisch, H. and Fuess, T. A. and Fukui, Y. and Funaki, S. and Gagliardi, G. and Galeotti, S. and Gallinaro, M. and Garcia-Sciveres, M. and Garfinkel, A. F. and Gay, C. and Geer, S. and Gerdes, D. W. and Giannetti, P. and Giokaris, N. and Giromini, P. and Gladney, L. and Glenzinski, D. and Gold, M. and Gonzalez, J. and Gordon, A. and Goshaw, A. T. and Goulianos, K. and Grassmann, H. and Groer, L. and Grosso-Pilcher, C. and Guillian, G. and Guo, R. S. and Haber, C. and Hahn, S. R. and Hamilton, R. and Handler, R. and Hans, R. M. and Hara, K. and Harral, B. and Harris, R. M. and Hauger, S. A. and Hauser, J. and Hawk, C. and Hayashi, E. and Heinrich, J. and Hohlmann, M. and Holck, C. and Hollebeek, R. and Holloway, L. and H\"olscher, A. and Hong, S. and Houk, G. and Hu, P. and Huffman, B. T. and Hughes, R. and Huston, J. and Huth, J. and Hylen, J. and Ikeda, H. and Incagli, M. and Incandela, J. and Iwai, J. and Iwata, Y. and Jensen, H. and Joshi, U. and Kadel, R. W. and Kajfasz, E. and Kamon, T. and Kaneko, T. and Karr, K. and Kasha, H. and Kato, Y. and Keeble, L. and Kelley, K. and Kennedy, R. D. and Kephart, R. and Kesten, P. and Kestenbaum, D. and Keup, R. M. and Keutelian, H. and Keyvan, F. and Kim, B. J. and Kim, D. H. and Kim, H. S. and Kim, S. B. and Kim, S. H. and Kim, Y. K. and Kirsch, L. and Koehn, P. and Kondo, K. and Konigsberg, J. and Kopp, S. and Kordas, K. and Koska, W. and Kovacs, E. and Kowald, W. and Krasberg, M. and Kroll, J. and Kruse, M. and Kuwabara, T. and Kuhlmann, S. E. and Kuns, E. and Laasanen, A. T. and Labanca, N. and Lammel, S. and Lamoureux, J. I. and LeCompte, T. and Leone, S. and Lewis, J. D. and Limon, P. and Lindgren, M. and Liss, T. M. and Lockyer, N. and Long, O. and Loomis, C. and Loreti, M. and Lu, J. and Lucchesi, D. and Lukens, P. and Lusin, S. and Lys, J. and Maeshima, K. and Maghakian, A. and Maksimovic, P. and Mangano, M. and Mansour, J. and Mariotti, M. and Marriner, J. P. and Martin, A. and Matthews, J. A. J. and Mattingly, R. and McIntyre, P. and Melese, P. and Menzione, A. and Meschi, E. and Metzler, S. and Miao, C. and Michail, G. and Mikamo, S. and Miller, R. and Minato, H. and Miscetti, S. and Mishina, M. and Mitsushio, H. and Miyamoto, T. and Miyashita, S. and Morita, Y. and Mueller, J. and Mukherjee, A. and Muller, T. and Murat, P. and Nakada, H. and Nakano, I. and Nelson, C. and Neuberger, D. and Newman-Holmes, C. and Ninomiya, M. and Nodulman, L. and Ogawa, S. and Oh, S. H. and Ohl, K. E. and Ohmoto, T. and Ohsugi, T. and Oishi, R. and Okabe, M. and Okusawa, T. and Oliver, R. and Olsen, J. and Pagliarone, C. and Paoletti, R. and Papadimitriou, V. and Pappas, S. P. and Park, S. and Patrick, J. and Pauletta, G. and Paulini, M. and Pescara, L. and Peters, M. D. and Phillips, T. J. and Piacentino, G. and Pillai, M. and Pitts, K. T. and Plunkett, R. and Pondrom, L. and Proudfoot, J. and Ptohos, F. and Punzi, G. and Ragan, K. and Ribon, A. and Rimondi, F. and Ristori, L. and Robertson, W. J. and Rodrigo, T. and Romano, J. and Rosenson, L. and Roser, R. and Sakumoto, W. K. and Saltzberg, D. and Sansoni, A. and Santi, L. and Sato, H. and Scarpine, V. and Schlabach, P. and Schmidt, E. E. and Schmidt, M. P. and Sciacca, G. F. and Scribano, A. and Segler, S. and Seidel, S. and Seiya, Y. and Sganos, G. and Sgolacchia, A. and Shapiro, M. D. and Shaw, N. M. and Shen, Q. and Shepard, P. F. and Shimojima, M. and Shochet, M. and Siegrist, J. and Sill, A. and Sinervo, P. and Singh, P. and Skarha, J. and Sliwa, K. and Smith, D. A. and Snider, F. D. and Song, T. and Spalding, J. and Sphicas, P. and Spiegel, L. and Spies, A. and Stanco, L. and Steele, J. and Stefanini, A. and Strahl, K. and Strait, J. and Stuart, D. and Sullivan, G. and Soumarokov, A. and Sumorok, K. and Suzuki, J. and Takada, T. and Takahashi, T. and Takano, T. and Takikawa, K. and Tamura, N. and Tartarelli, F. and Taylor, W. and Teng, P. K. and Teramoto, Y. and Tether, S. and Theriot, D. and Thomas, T. L. and Thun, R. and Timko, M. and Tipton, P. and Titov, A. and Tkaczyk, S. and Toback, D. and Tollefson, K. and Tollestrup, A. and Tonnison, J. and de Troconiz, J. F. and Truitt, S. and Tseng, J. and Turini, N. and Uchida, T. and Uemura, N. and Ukegawa, F. and Unal, G. and van den Brink, S. C. and Vejcik III, S. and Velev, G. and Vidal, R. and Vondracek, M. and Vucinic, D. and Wagner, R. G. and Wagner, R. L. and Wahl, J. and Walker, R. C. and Wang, C. and Wang, C. H. and Wang, G. and Wang, J. and Wang, M. J. and Wang, Q. F. and Warburton, A. and Watts, G. and Watts, T. and Webb, R. and Wei, C. and Wendt, C. and Wenzel, H. and Wester III, W. C. and Wicklund, A. B. and Wicklund, E. and Wilkinson, R. and Williams, H. H. and Wilson, P. and Winer, B. L. and Wolinski, D. and Wolinski, J. and Wu, X. and Wyss, J. and Yagil, A. and Yao, W. and Yasuoka, K. and Ye, Y. and Yeh, G. P. and Yeh, P. and Yin, M. and Yoh, J. and Yosef, C. and Yoshida, T. and Yovanovitch, D. and Yu, I. and Yun, J. C. and Zanetti, A. and Zetti, F. and Zhang, L. and Zhang, W. and Zucchelli, S.},
  journal = {Phys. Rev. Lett.},
  volume = {74},
  issue = {14},
  pages = {2626--2631},
  numpages = {0},
  year = {1995},
  month = {Apr},
  publisher = {American Physical Society},
  doi = {10.1103/PhysRevLett.74.2626},
  url = {http://link.aps.org/doi/10.1103/PhysRevLett.74.2626}
}

@article{ex:D0_topQuark,
  title = {Search for High Mass Top Quark Production in $\mathit{p}\overline{p}$ Collisions at $\sqrt{\mathit{s}}\phantom{\rule{0ex}{0ex}}=\phantom{\rule{0ex}{0ex}}$ 1.8 TeV},
  author = {Abachi, S. and Abbott, B. and Abolins, M. and Acharya, B. S. and Adam, I. and Adams, D. L. and Adams, M. and Ahn, S. and Aihara, H. and \'Alvarez, G. and Alves, G. A. and Amidi, E. and Amos, N. and Anderson, E. W. and Aronson, S. H. and Astur, R. and Avery, R. E. and Baden, A. and Balamurali, V. and Balderston, J. and Baldin, B. and Bantly, J. and Bartlett, J. F. and Bazizi, K. and Behnke, T. and Bendich, J. and Beri, S. B. and Bertram, I. and Bezzubov, V. A. and Bhat, P. C. and Bhatnagar, V. and Bhattacharjee, M. and Bischoff, A. and Biswas, N. and Blazey, G. and Blessing, S. and Boehnlein, A. and Bojko, N. I. and Borcherding, F. and Borders, J. and Boswell, C. and Brandt, A. and Brock, R. and Bross, A. and Buchholz, D. and Burtovoi, V. S. and Butler, J. M. and Callot, O. and Casey, D. and Castilla-Valdez, H. and Chakraborty, D. and Chang, S.-M. and Chekulaev, S. V. and Chen, L.-P. and Chen, W. and Chevalier, L. and Chopra, S. and Choudhary, B. C. and Christenson, J. H. and Chung, M. and Claes, D. and Clark, A. R. and Cobau, W. G. and Cochran, J. and Cooper, W. E. and Cretsinger, C. and Cullen-Vidal, D. and Cummings, M. and Cussonneau, J. P. and Cutts, D. and Dahl, O. I. and De, K. and Demarteau, M. and Demina, R. and Denisenko, K. and Denisenko, N. and Denisov, D. and Denisov, S. P. and Dharmaratna, W. and Diehl, H. T. and Diesburg, M. and Dixon, R. and Draper, P. and Drinkard, J. and Ducros, Y. and Durston-Johnson, S. and Eartly, D. and Edmunds, D. and Efimov, A. O. and Ellison, J. and Elvira, V. D. and Engelmann, R. and Eno, S. and Eppley, G. and Ermolov, P. and Eroshin, O. V. and Evdokimov, V. N. and Fahey, S. and Fahland, T. and Fatyga, M. and Fatyga, M. K. and Featherly, J. and Feher, S. and Fein, D. and Ferbel, T. and Finocchiaro, G. and Fisk, H. E. and Fisyak, Yu. and Flattum, E. and Forden, G. E. and Fortner, M. and Frame, K. C. and Franzini, P. and Fredriksen, S. and Fuess, S. and Gallas, E. and Gao, C. S. and Geld, T. L. and Genik II, R. J. and Genser, K. and Gerber, C. E. and Gibbard, B. and Glebov, V. and Glenn, S. and Glicenstein, J. F. and Gobbi, B. and Goforth, M. and Goldschmidt, A. and Gomez, B. and Good, M. L. and Gordon, H. and Graf, N. and Grannis, P. D. and Green, D. R. and Green, J. and Greenlee, H. and Grossman, N. and Grudberg, P. and Gr\"unendahl, S. and Guida, J. A. and Guida, J. M. and Guryn, W. and Hadley, N. J. and Haggerty, H. and Hagopian, S. and Hagopian, V. and Hahn, K. S. and Hall, R. E. and Hansen, S. and Hauptman, J. M. and Hedin, D. and Heinson, A. P. and Heintz, U. and Heuring, T. and Hirosky, R. and Hobbs, J. D. and Hoeneisen, B. and Hoftun, J. S. and Hu, Ting and Hu, Tong and Hubbard, J. R. and Huehn, T. and Igarashi, S. and Ito, A. S. and James, E. and Jaques, J. and Jerger, S. A. and Jiang, J. Z.-Y. and Joffe-Minor, T. and Johari, H. and Johns, K. and Johnson, M. and Johnstad, H. and Jonckheere, A. and Jones, M. and J\"ostlein, H. and Jun, S. Y. and Jung, C. K. and Kahn, S. and Kang, J. S. and Kehoe, R. and Kelly, M. and Kernan, A. and Kerth, L. and Kim, C. L. and Klatchko, A. and Klima, B. and Klochkov, B. I. and Klopfenstein, C. and Klyukhin, V. I. and Kochetkov, V. I. and Kohli, J. M. and Koltick, D. and Kotcher, J. and Kourlas, J. and Kozelov, A. V. and Kozlovski, E. A. and Krishnaswamy, M. R. and Krzywdzinski, S. and Kunori, S. and Lami, S. and Landsberg, G. and Lanou, R. E. and Lebrat, J-F. and Lee-Franzini, J. and Leflat, A. and Li, H. and Li, J. and Li, R. B. and Li, Y. K. and Li-Demarteau, Q. Z. and Lima, J. G. R. and Linn, S. L. and Linnemann, J. and Lipton, R. and Liu, Y. C. and Lobkowicz, F. and Loch, P. and Loken, S. C. and L\"ok\"os, S. and Lueking, L. and Lyon, A. L. and Maciel, A. K. A. and Madaras, R. J. and Madden, R. and Mangeot, Ph. and Mani, S. and Manning, I. and Mansouli\'e, B. and Mao, H. S. and Margulies, S. and Markeloff, R. and Markosky, L. and Marshall, T. and Martin, M. I. and Marx, M. and May, B. and Mayorov, A. A. and McCarthy, R. and McKibben, T. and McKinley, J. and Melanson, H. L. and de Mello Neto, J. R. T. and Meng, X. C. and Merritt, K. W. and Miettinen, H. and Milder, A. and Milner, C. and Mincer, A. and de Miranda, J. M. and Mishra, C. S. and Mokhov, N. and Mondal, N. K. and Montgomery, H. E. and Mooney, P. and Mudan, M. and Murphy, C. and Murphy, C. T. and Nang, F. and Narain, M. and Narasimham, V. S. and Neal, H. A. and Negret, J. P. and Nemethy, P. and Ne\ifmmode \check{s}\else \v{s}\fi{}i\ifmmode \acute{c}\else \'{c}\fi{}, D. and Norman, D. and Oesch, L. and Oguri, V. and Oltman, E. and Oshima, N. and Owen, D. and Padley, P. and Pang, M. and Para, A. and Park, C. H. and Partridge, R. and Paterno, M. and Peryshkin, A. and Peters, M. and Pi, B. and Piekarz, H. and Pizzuto, D. and Pluquet, A. and Podstavkov, V. M. and Pope, B. G. and Prosper, H. B. and Protopopescu, S. and Pu\ifmmode \check{s}\else \v{s}\fi{}elji\ifmmode \acute{c}\else \'{c}\fi{}, D. and Qian, J. and Que, Y.-K. and Quintas, P. Z. and Rahal-Callot, G. and Raja, R. and Rajagopalan, S. and Ramirez, O. and Rao, M. V. S. and Rasmussen, L. and Read, A. L. and Reucroft, S. and Rijssenbeek, M. and Roe, N. A. and Roldan, J. M. R. and Rubinov, P. and Ruchti, R. and Rusin, S. and Rutherfoord, J. and Santoro, A. and Sawyer, L. and Schamberger, R. D. and Schellman, H. and Schmid, D. and Sculli, J. and Shabalina, E. and Shaffer, C. and Shankar, H. C. and Shao, Y. and Shivpuri, R. K. and Shupe, M. and Singh, J. B. and Sirotenko, V. and Skeens, J. and Smart, W. and Smith, A. and Smith, R. P. and Snihur, R. and Snow, G. R. and Snyder, S. and Solomon, J. and Sood, P. M. and Sosebee, M. and Souza, M. and Spadafora, A. L. and Stephens, R. W. and Stevenson, M. L. and Stewart, D. and Stocker, F. and Stoianova, D. A. and Stoker, D. and Streets, K. and Strovink, M. and Taketani, A. and Tamburello, P. and Tartaglia, M. and Taylor, T. L. and Teiger, J. and Thompson, J. and Trippe, T. G. and Tuts, P. M. and Varnes, E. W. and Virador, P. R. G. and Volkov, A. A. and Vorobiev, A. P. and Wahl, H. D. and Wang, D. C. and Wang, L. Z. and Warchol, J. and Wayne, M. and Weerts, H. and Wenzel, W. A. and White, A. and White, J. T. and Wightman, J. A. and Wilcox, J. and Willis, S. and Wimpenny, S. J. and Wolf, Z. and Womersley, J. and Won, E. and Wood, D. R. and Xia, Y. and Xiao, D. and Xie, R. P. and Xu, H. and Yamada, R. and Yamin, P. and Yanagisawa, C. and Yang, J. and Yang, M.-J. and Yasuda, T. and Yoshikawa, C. and Youssef, S. and Yu, J. and Zeitnitz, C. and Zhang, D. and Zhang, Y. and Zhang, Z. and Zhou, Y. H. and Zhu, Q. and Zhu, Y. S. and Zieminska, D. and Zieminski, A. and Zinchenko, A. and Zylberstejn, A.},
  journal = {Phys. Rev. Lett.},
  volume = {74},
  issue = {13},
  pages = {2422--2426},
  numpages = {0},
  year = {1995},
  month = {Mar},
  publisher = {American Physical Society},
  doi = {10.1103/PhysRevLett.74.2422},
  url = {http://link.aps.org/doi/10.1103/PhysRevLett.74.2422}
}

@article{th:HiggsXS_2013,
      author         = "Heinemeyer, S and others",
      editor         = "Heinemeyer, S",
      title          = "{Handbook of LHC Higgs Cross Sections: 3. Higgs
                        Properties}",
      collaboration  = "LHC Higgs Cross Section Working Group",
      doi            = "10.5170/CERN-2013-004",
      year           = "2013",
      eprint         = "1307.1347",
      archivePrefix  = "arXiv",
      primaryClass   = "hep-ph",
      reportNumber   = "CERN-2013-004, FERMILAB-CONF-13-667-T",
      SLACcitation   = "%%CITATION = ARXIV:1307.1347;%%",
}

@article{tthXS_NLO_BeenakkerEtAl_1,
      author         = "Beenakker, W. and Dittmaier, S. and Kramer, M. and
                        Plumper, B. and Spira, M. and others",
      title          = "{Higgs radiation off top quarks at the Tevatron and the
                        LHC}",
      journal        = "Phys.Rev.Lett.",
      volume         = "87",
      pages          = "201805",
      doi            = "10.1103/PhysRevLett.87.201805",
      year           = "2001",
      eprint         = "hep-ph/0107081",
      archivePrefix  = "arXiv",
      primaryClass   = "hep-ph",
      reportNumber   = "DESY-01-077, EDINBURGH-2001-08, PSI-PR-01-10",
      SLACcitation   = "%%CITATION = HEP-PH/0107081;%%",
}

@article{tthXS_NLO_BeenakkerEtAl_2,
      author         = "Beenakker, W. and Dittmaier, S. and Kramer, M. and
                        Plumper, B. and Spira, M. and others",
      title          = "{NLO QCD corrections to t anti-t H production in hadron
                        collisions}",
      journal        = "Nucl.Phys.",
      volume         = "B653",
      pages          = "151-203",
      doi            = "10.1016/S0550-3213(03)00044-0",
      year           = "2003",
      eprint         = "hep-ph/0211352",
      archivePrefix  = "arXiv",
      primaryClass   = "hep-ph",
      reportNumber   = "DESY-02-177, EDINBURGH-2002-18, MPI-PHT-2002-70,
                        PSI-PR-02-22",
      SLACcitation   = "%%CITATION = HEP-PH/0211352;%%",
}

@article{tthXS_NLO_Dawson,
      author         = "Dawson, S. and Orr, L.H. and Reina, L. and Wackeroth, D.",
      title          = "{Associated top quark Higgs boson production at the LHC}",
      journal        = "Phys.Rev.",
      volume         = "D67",
      pages          = "071503",
      doi            = "10.1103/PhysRevD.67.071503",
      year           = "2003",
      eprint         = "hep-ph/0211438",
      archivePrefix  = "arXiv",
      primaryClass   = "hep-ph",
      reportNumber   = "BNL-HET-02-27A, FSU-HEP-2002-1115, UB-HET-02-09",
      SLACcitation   = "%%CITATION = HEP-PH/0211438;%%",
}

@article{tthXS_aMCatNLO_Frederix,
      author         = "Frederix, Rikkert and Frixione, Stefano and Hirschi,
                        Valentin and Maltoni, Fabio and Pittau, Roberto and
                        others",
      title          = "{Scalar and pseudoscalar Higgs production in association
                        with a top-antitop pair}",
      journal        = "Phys.Lett.",
      volume         = "B701",
      pages          = "427-433",
      doi            = "10.1016/j.physletb.2011.06.012",
      year           = "2011",
      eprint         = "1104.5613",
      archivePrefix  = "arXiv",
      primaryClass   = "hep-ph",
      reportNumber   = "CERN-PH-TH-2011-091, CP3-11-17, ZU-TH-07-11",
      SLACcitation   = "%%CITATION = ARXIV:1104.5613;%%",
}

@article{tthXS_powheg_Garzelli,
      author         = "Garzelli, M.V. and Kardos, A. and Papadopoulos, C.G. and
                        Trocsanyi, Z.",
      title          = "{Standard Model Higgs boson production in association
                        with a top anti-top pair at NLO with parton showering}",
      journal        = "Europhys.Lett.",
      volume         = "96",
      pages          = "11001",
      doi            = "10.1209/0295-5075/96/11001",
      year           = "2011",
      eprint         = "1108.0387",
      archivePrefix  = "arXiv",
      primaryClass   = "hep-ph",
      SLACcitation   = "%%CITATION = ARXIV:1108.0387;%%",
}

@article{tthXS_sherpa_Gleisberg,
      author         = "Gleisberg, T. and Hoeche, Stefan. and Krauss, F. and
                        Schonherr, M. and Schumann, S. and others",
      title          = "{Event generation with SHERPA 1.1}",
      journal        = "JHEP",
      volume         = "0902",
      pages          = "007",
      doi            = "10.1088/1126-6708/2009/02/007",
      year           = "2009",
      eprint         = "0811.4622",
      archivePrefix  = "arXiv",
      primaryClass   = "hep-ph",
      reportNumber   = "FERMILAB-PUB-08-477-T, SLAC-PUB-13420, ZU-TH-17-08,
                        DCPT-08-138, IPPP-08-69, EDINBURGH-2008-30, MCNET-08-14",
      SLACcitation   = "%%CITATION = ARXIV:0811.4622;%%",
}

@article{tthXS_aMCatNLO_madspin_Artoisenet,
      author         = "Artoisenet, Pierre and Frederix, Rikkert and Mattelaer,
                        Olivier and Rietkerk, Robbert",
      title          = "{Automatic spin-entangled decays of heavy resonances in
                        Monte Carlo simulations}",
      journal        = "JHEP",
      volume         = "1303",
      pages          = "015",
      doi            = "10.1007/JHEP03(2013)015",
      year           = "2013",
      eprint         = "1212.3460",
      archivePrefix  = "arXiv",
      primaryClass   = "hep-ph",
      reportNumber   = "NIKHEF-2012-021, CERN-PH-TH-2012-329",
      SLACcitation   = "%%CITATION = ARXIV:1212.3460;%%",
}

@article{ttbbXS_openloops_Cascioli,
      author         = "Cascioli, Fabio and Maierhofer, Philipp and Pozzorini,
                        Stefano",
      title          = "{Scattering Amplitudes with Open Loops}",
      journal        = "Phys.Rev.Lett.",
      volume         = "108",
      pages          = "111601",
      doi            = "10.1103/PhysRevLett.108.111601",
      year           = "2012",
      eprint         = "1111.5206",
      archivePrefix  = "arXiv",
      primaryClass   = "hep-ph",
      reportNumber   = "ZU-TH-23-11, LPN11-66",
      SLACcitation   = "%%CITATION = ARXIV:1111.5206;%%",
}

@article{ttbbXS_openloops_help1_Krauss,
      author         = "Krauss, F. and Kuhn, R. and Soff, G.",
      title          = "{AMEGIC++ 1.0: A Matrix element generator in C++}",
      journal        = "JHEP",
      volume         = "0202",
      pages          = "044",
      doi            = "10.1088/1126-6708/2002/02/044",
      year           = "2002",
      eprint         = "hep-ph/0109036",
      archivePrefix  = "arXiv",
      primaryClass   = "hep-ph",
      reportNumber   = "CAVENDISH-HEP-01-11",
      SLACcitation   = "%%CITATION = HEP-PH/0109036;%%",
}

@article{ttbbXS_openloops_help2_Gleisberg,
      author         = "Gleisberg, Tanju and Krauss, Frank",
      title          = "{Automating dipole subtraction for QCD NLO calculations}",
      journal        = "Eur.Phys.J.",
      volume         = "C53",
      pages          = "501-523",
      doi            = "10.1140/epjc/s10052-007-0495-0",
      year           = "2008",
      eprint         = "0709.2881",
      archivePrefix  = "arXiv",
      primaryClass   = "hep-ph",
      reportNumber   = "DCPT-07-88, IPPP-07-44",
      SLACcitation   = "%%CITATION = ARXIV:0709.2881;%%",
}

@article{BSM_Planck,
      author         = "Ade, P.A.R. and others",
      title          = "{Planck 2013 results. I. Overview of products and
                        scientific results}",
      collaboration  = "Planck",
      journal        = "Astron.Astrophys.",
      volume         = "571",
      pages          = "A1",
      doi            = "10.1051/0004-6361/201321529",
      year           = "2014",
      eprint         = "1303.5062",
      archivePrefix  = "arXiv",
      primaryClass   = "astro-ph.CO",
      SLACcitation   = "%%CITATION = ARXIV:1303.5062;%%",
}

@article{BSM_Rubin_DM_GalaxyRotations,
      author         = "Rubin, V.C. and Thonnard, N. and Ford, W.K., Jr.",
      title          = "{Rotational properties of 21 SC galaxies with a large
                        range of luminosities and radii, from NGC 4605 /R = 4kpc/
                        to UGC 2885 /R = 122 kpc/}",
      journal        = "Astrophys.J.",
      volume         = "238",
      pages          = "471",
      doi            = "10.1086/158003",
      year           = "1980",
      SLACcitation   = "%%CITATION = ASJOA,238,471;%%",
}

@article{BSM_SuperK,
      author         = "Fukuda, Y. and others",
      title          = "{Measurements of the solar neutrino flux from
                        Super-Kamiokande's first 300 days}",
      collaboration  = "Super-Kamiokande Collaboration",
      journal        = "Phys.Rev.Lett.",
      volume         = "81",
      pages          = "1158-1162",
      doi            = "10.1103/PhysRevLett.81.1158",
      year           = "1998",
      eprint         = "hep-ex/9805021",
      archivePrefix  = "arXiv",
      primaryClass   = "hep-ex",
      reportNumber   = "ICRR-417-98-13, ICRR-REPORT-417-98-13, UCI-98-4,
                        CSUDH-HEP-98-02, KEK-PREPRINT-98-40, LSU-HEPA-2-98,
                        UMD-98-116, SBHEP-98-2, NGTHEP-98-02, OULNS-98-01,
                        TKU-PAP-98-02, TIT-HPE-98-05, UWSEA-PUB-98-02",
      SLACcitation   = "%%CITATION = HEP-EX/9805021;%%",
}

@article{BSM_neutrinoDeltaM12_kamland,
      author         = "Araki, T. and others",
      title          = "{Measurement of neutrino oscillation with KamLAND:
                        Evidence of spectral distortion}",
      collaboration  = "KamLAND Collaboration",
      journal        = "Phys.Rev.Lett.",
      volume         = "94",
      pages          = "081801",
      doi            = "10.1103/PhysRevLett.94.081801",
      year           = "2005",
      eprint         = "hep-ex/0406035",
      archivePrefix  = "arXiv",
      primaryClass   = "hep-ex",
      SLACcitation   = "%%CITATION = HEP-EX/0406035;%%",
}

@article{BSM_neutrinoDeltaM23_minos,
      author         = "Michael, D.G. and others",
      title          = "{Observation of muon neutrino disappearance with the
                        MINOS detectors and the NuMI neutrino beam}",
      collaboration  = "MINOS Collaboration",
      journal        = "Phys.Rev.Lett.",
      volume         = "97",
      pages          = "191801",
      doi            = "10.1103/PhysRevLett.97.191801",
      year           = "2006",
      eprint         = "hep-ex/0607088",
      archivePrefix  = "arXiv",
      primaryClass   = "hep-ex",
      reportNumber   = "FERMILAB-PUB-06-243, BNL-76806-2006-JA",
      SLACcitation   = "%%CITATION = HEP-EX/0607088;%%",
}

@article{Martin_SUSY_primer,
      author         = "Martin, Stephen P.",
      title          = "{A Supersymmetry primer}",
      journal        = "Adv.Ser.Direct.High Energy Phys.",
      volume         = "21",
      pages          = "1-153",
      doi            = "10.1142/9789814307505_0001",
      year           = "2010",
      eprint         = "hep-ph/9709356",
      archivePrefix  = "arXiv",
      primaryClass   = "hep-ph",
      SLACcitation   = "%%CITATION = HEP-PH/9709356;%%",
}

@article{VectorLikeQuarks_Aguilar-Saavedra,
      author         = "Aguilar-Saavedra, J.A. and Benbrik, R. and Heinemeyer, S.
                        and Pérez-Victoria, M.",
      title          = "{Handbook of vectorlike quarks: Mixing and single
                        production}",
      journal        = "Phys.Rev.",
      number         = "9",
      volume         = "D88",
      pages          = "094010",
      doi            = "10.1103/PhysRevD.88.094010",
      year           = "2013",
      eprint         = "1306.0572",
      archivePrefix  = "arXiv",
      primaryClass   = "hep-ph",
      SLACcitation   = "%%CITATION = ARXIV:1306.0572;%%",
}

@article{BSM_littleHiggs_Burdman,
      author         = "Burdman, Gustavo and Perelstein, Maxim and Pierce, Aaron",
      title          = "{Large Hadron Collider tests of a little Higgs model}",
      journal        = "Phys.Rev.Lett.",
      volume         = "90",
      pages          = "241802",
      doi            = "10.1103/PhysRevLett.90.241802",
      year           = "2003",
      eprint         = "hep-ph/0212228",
      archivePrefix  = "arXiv",
      primaryClass   = "hep-ph",
      reportNumber   = "SLAC-PUB-9611, LBNL-51881",
      SLACcitation   = "%%CITATION = HEP-PH/0212228;%%",
}

@article{BSM_littleHiggs_Perelstein,
      author         = "Perelstein, Maxim and Peskin, Michael E. and Pierce,
                        Aaron",
      title          = "{Top quarks and electroweak symmetry breaking in little
                        Higgs models}",
      journal        = "Phys.Rev.",
      volume         = "D69",
      pages          = "075002",
      doi            = "10.1103/PhysRevD.69.075002",
      year           = "2004",
      eprint         = "hep-ph/0310039",
      archivePrefix  = "arXiv",
      primaryClass   = "hep-ph",
      reportNumber   = "SLAC-PUB-10185",
      SLACcitation   = "%%CITATION = HEP-PH/0310039;%%",
}
@article{BSM_littleHiggs_PhysRevD.74.055001,
  title = {Top partners in little Higgs theories with $T$ parity},
  author = {Cheng, Hsin-Chia and Low, Ian and Wang, Lian-Tao},
  journal = {Phys. Rev. D},
  volume = {74},
  issue = {5},
  pages = {055001},
  numpages = {10},
  year = {2006},
  month = {Sep},
  publisher = {American Physical Society},
  doi = {10.1103/PhysRevD.74.055001},
  url = {http://link.aps.org/doi/10.1103/PhysRevD.74.055001}
}

@article{BSM_extraD_Cheng:1999bg,
      author         = "Cheng, Hsin-Chia and Dobrescu, Bogdan A. and Hill,
                        Christopher T.",
      title          = "{Electroweak symmetry breaking and extra dimensions}",
      journal        = "Nucl.Phys.",
      volume         = "B589",
      pages          = "249-268",
      doi            = "10.1016/S0550-3213(00)00401-6",
      year           = "2000",
      eprint         = "hep-ph/9912343",
      archivePrefix  = "arXiv",
      primaryClass   = "hep-ph",
      reportNumber   = "FERMILAB-PUB-99-358-T, EFI-99-50, NSF-ITP-99-149",
      SLACcitation   = "%%CITATION = HEP-PH/9912343;%%",
}

@article{BSM_extraD_Carena:2006bn,
      author         = "Carena, Marcela S. and Ponton, Eduardo and Santiago, Jose
                        and Wagner, Carlos E.M.",
      title          = "{Light Kaluza Klein States in Randall-Sundrum Models with
                        Custodial SU(2)}",
      journal        = "Nucl.Phys.",
      volume         = "B759",
      pages          = "202-227",
      doi            = "10.1016/j.nuclphysb.2006.10.012",
      year           = "2006",
      eprint         = "hep-ph/0607106",
      archivePrefix  = "arXiv",
      primaryClass   = "hep-ph",
      reportNumber   = "ANL-HEP-PR-06-53, CU-TP-1152, EFI-06-08,
                        FERMILAB-PUB-06-234-T",
      SLACcitation   = "%%CITATION = HEP-PH/0607106;%%",
}

@article{BSM_composite_Higgs_Contino:2006qr,
      author         = "Contino, Roberto and Da Rold, Leandro and Pomarol, Alex",
      title          = "{Light custodians in natural composite Higgs models}",
      journal        = "Phys.Rev.",
      volume         = "D75",
      pages          = "055014",
      doi            = "10.1103/PhysRevD.75.055014",
      year           = "2007",
      eprint         = "hep-ph/0612048",
      archivePrefix  = "arXiv",
      primaryClass   = "hep-ph",
      reportNumber   = "UAB-FT-619, ROMA1-1445-2006",
      SLACcitation   = "%%CITATION = HEP-PH/0612048;%%",
}

@article{BSM_topColor_Hill:1991at,
      author         = "Hill, Christopher T.",
      title          = "{Topcolor: Top quark condensation in a gauge extension of
                        the standard model}",
      journal        = "Phys.Lett.",
      volume         = "B266",
      pages          = "419-424",
      doi            = "10.1016/0370-2693(91)91061-Y",
      year           = "1991",
      reportNumber   = "FERMILAB-PUB-91-105-T",
      SLACcitation   = "%%CITATION = PHLTA,B266,419;%%",
}

@article{lhc:machine_description,
      author         = "Evans, Lyndon and Bryant, Philip",
      editor         = "Evans, Lyndon",
      title          = "{LHC Machine}",
      journal        = "JINST",
      volume         = "3",
      pages          = "S08001",
      doi            = "10.1088/1748-0221/3/08/S08001",
      year           = "2008",
      SLACcitation   = "%%CITATION = JINST,3,S08001;%%",
}

@misc{LHC:Aerial_View,
      title          = "LHC Aerial View",
      note           = "URL~\url{http://www.coepp.org.au/files/coepp/images/cern-aerial2.jpg}",
}

@book{LHC:TDR_Vol1_MainRing_Brüning,
      author        = "Brüning, Oliver Sim and Collier, Paul and Lebrun, P and
                       Myers, Stephen and Ostojic, Ranko and Poole, John and
                       Proudlock, Paul",
      title         = "{LHC Design Report Vol1 - The Main Ring}",
      publisher     = "CERN",
      address       = "Geneva",
      year          = "2004",
}

@book{LHC:TDR_Vol2_InfrastructureServices_Brüning,
      author        = "Brüning, Oliver Sim and Collier, Paul and Lebrun, P and
                       Myers, Stephen and Ostojic, Ranko and Poole, John and
                       Proudlock, Paul",
      title         = "{LHC Design Report Vol2 - Infrastructure and General Services}",
      publisher     = "CERN",
      address       = "Geneva",
      year          = "2004",
}

@book{LHC:TDR_Vol3_InjectionChain_Benedikt,
      author        = "Benedikt, Michael and Collier, Paul and Mertens, V and
                       Poole, John and Schindl, Karlheinz",
      title         = "{LHC Design Report Vol3 - The Injection Chain}",
      publisher     = "CERN",
      address       = "Geneva",
      year          = "2004",
}

@article{LHC:LHIC_linac2_lhcTests_Hill,
      author         = "Hill, C.E. and Lombardi, A. and Scrivens, R. and
                        Vretenar, M. and Feschenko, A. and others",
      title          = "{Tests of the CERN proton linac performance for LHC -
                        type beams}",
      journal        = "eConf",
      volume         = "C000821",
      pages          = "TUD17",
      year           = "2000",
      eprint         = "physics/0008102",
      archivePrefix  = "arXiv",
      primaryClass   = "physics.acc-ph",
      reportNumber   = "LINAC2000-TUD17",
      SLACcitation   = "%%CITATION = PHYSICS/0008102;%%",
}

@misc{LHC:LHC_linac2_duoplasmatron_schematic,
      title        = "CERN Linac2 Duoplasmatron Schematic",
      note         = "URL~\url{http://linac2.home.cern.ch/linac2/sources/source.htm}",
}

@misc{LHC:LHC_linac2_duoplasmatron_image,
      title        = "CERN Linac2 Duoplasmatron Image",
      note         = "URL~\url{http://linac2.web.cern.ch/linac2/CF002521-ProtonSourceDuoplasmatronRichardChristianss.jpg}",
}

@misc{LHC:LHC_linac2_rfq_schematic,
      title        = "RFQ Schematic",
      note         = "URL~\url{http://www.lnl.infn.it/images/acc_fig14.jpg}",
}

@misc{LHC:LHC_linac2_rfq_image,
      title        = "Example RFQ Image",
      note         = "URL~\url{http://www.toyama-en.com/accelerator/images/rfq_downstream_webLarge.jpg}",
}

@misc{LHC:LHC_linac2_alvarezChambersInside_image,
      title        = "Inside an Alvarez Tube",
      note         = "URL~\url{https://cds.cern.ch/record/1281668/files/DTL_proto_assembled_image.jpg?subformat=icon}",
}

@misc{LHC:LHC_linac2_alvarezChambers_image,
      title        = "CERN Linac2 Alvarez Tubes",
      note         = "URL~\url{http://www.toyama-en.com/accelerator/images/rfq_downstream_webLarge.jpg}",
}

@techreport{LHC:BasicsOfAccelerators_Baird,
      author        = "Baird, S",
      title         = "{Accelerators for pedestrians; rev. version}",
      institution   = "CERN",
      address       = "Geneva",
      number        = "AB-Note-2007-014. CERN-AB-Note-2007-014.
                       PS-OP-Note-95-17-Rev-2. CERN-PS-OP-Note-95-17-Rev-2",
      month         = "Feb",
      year          = "2007",
}

@article{LHC:LHC_psbooster_boosterTurns40,
      author        = "Klaus Hanke,and Michel Chanel, Karlheinz Schindl" 
      journal       = "CERN Courier"
      title         = "{The PS Booster hits 40}",
      month         = "Sep",
      year          = "2012",
}

@misc{LHC:LHC_psbooster_layout,
      title        = "Image, CERN PSbooster Layout",
      note         = "URL~\url{http://psb-machine.web.cern.ch/psb-machine/}",
}

@misc{LHC:LHC_psbooster_injection_image,
      title        = "Image, CERN PSbooster injection from Linac2",
      note         = "URL~\url{http://www.lhc-facts.ch/img/psb/psb_injektion.jpg}",
}

@misc{LHC:LHC_psbooster_4stacks_image,
      title        = "Image, CERN PSbooster is 4 verticaly stacked synchotrons",
      note         = "URL~\url{http://www.lhc-facts.ch/img/psb/psb.jpg}",
}

@misc{LHC:LHC_psbooster_layout_image,
      title        = "Image, CERN PSbooster Layout",
      note         = "URL~\url{http://psb-machine.web.cern.ch/psb-machine/layout.gif}",
}

@misc{LHC:LHC_psbooster_section10_layout_image,
      title        = "Image, CERN PSbooster Section 10 Layout",
      note         = "URL~\url{http://psb-machine.web.cern.ch/psb-machine/sectors/sect10.gif}",
}

@misc{LHC:LHC_psbooster_CO2_RF_Cavity_image,
      title        = "Image, CERN PSbooster CO2 RF Cavity",
      note         = "URL~\url{http://cern-accelerators-optics.web.cern.ch/cern-accelerators-optics/PS_BOOSTER/Pictures/P10L1.JPG}",
}

@misc{LHC:LHC_psbooster_2batchScheme_image,
      title        = "Image, CERN PSbooster 2 batch filling scheme of the PS",
      note         = "URL~\url{http://ps-div.web.cern.ch/ps-div/LHC-PS/schindlrf.gif}",
}

@misc{LHC:LHC_ps_layout_image,
      title        = "Image, CERN PS Layout",
      note         = "URL~\url{http://psring.web.cern.ch/psring/psring/pscomplex.gif}",
}

@misc{LHC:LHC_ps_dipoles_image,
      title        = "Image, CERN PS Dipoles",
      note         = "URL~\url{http://home.web.cern.ch/sites/home.web.cern.ch/files/styles/medium/public/image/accelerator/2013/01/accelerators-ps.jpg?itok=5E3Tp4Q0}",
}

@techreport{LHC:RF_Systems_of_CERN_Valuch,
      author        = "Valuch, D",
      title         = "{Radio frequency systems of the CERN synchrotron accelerators}",
      institution   = "CERN",
      address       = "Geneva",
      note          = "URL~\url{http://dvaluch.web.cern.ch/dvaluch/seminar/radio$\%$20frequency$\%$20systems$\%$20of$\%$20the$\%$20cern$\%$20accelerators.pdf}",
}

@article{LHC:LHC_SPS_200MHzRF_Dôme,
      author        = "Dôme, Georges",
      title         = "{The SPS acceleration system travelling wave drift-tube
                       structure for the CERN SPS}",
      number        = "CERN-SPS-ARF-77-11",
      pages         = "26 p",
      month         = "May",
      year          = "1977",
}

@misc{LHC:LHC_sps_cern_website,
      title        = "CERN Website, Super Proton Synchrotron",
      note         = "URL~\url{http://home.web.cern.ch/about/accelerators/super-proton-synchrotron}",
}

@misc{LHC:LHC_sps_beamline_image,
      title        = "Image, CERN SPS Beamline",
      note         = "URL~\url{http://home.web.cern.ch/sites/home.web.cern.ch/files/styles/medium/public/image/accelerator/2013/01/sps.jpg?itok=iLnNGjdI}",
}

@misc{LHC:LHC_sps_rf_outside_image,
      title        = "Image, CERN SPS 200 MHz RF Cavity",
      note         = "URL~\url{https://cds.cern.ch/record/969086/files/7505156X.jpg?subformat=icon-1440}",
}

@misc{LHC:LHC_sps_rf_inside_image,
      title        = "Image, CERN SPS, Inside 200 MHz RF Cavity",
      note         = "URL~\url{http://rsta.royalsocietypublishing.org/content/roypta/370/1973/3887/F24.large.jpg?width=800&height=600&carousel=1}",
}

@misc{LHC:LHC_sps_layout_image,
      title        = "Image, CERN SPS, Layout",
      note         = "URL~\url{https://espace.cern.ch/be-dep/OP/sps/pictures/sps2.PNG}",
}

@misc{LHC:LHC_outreach_listOfAllMagnets,
      title        = "CERN, List of All LHC Magnets",
      note         = "URL~\url{http://lhc-machine-outreach.web.cern.ch/lhc-machine-outreach/components/magnets/types_of_magnets.htm}",
}

@article{LHC:LHC_septums_Barnes,
      author         = "Barnes, M.J. and Borburgh, J. and Goddard, B. and
                        Hourican, M.",
      title          = "{Injection and extraction magnets: septa}",
      year           = "2011",
      eprint         = "1103.1062",
      archivePrefix  = "arXiv",
      primaryClass   = "physics.acc-ph",
      SLACcitation   = "%%CITATION = ARXIV:1103.1062;%%",
}

@article{LHC:LHC_kickers_Barnes,
      author         = "Barnes, M.J. and Ducimetiere, L. and Fowler, T. and
                        Senaj, V. and Sermeus, L.",
      title          = "{Injection and extraction magnets: Kicker magnets}",
      year           = "2011",
      eprint         = "1103.1583",
      archivePrefix  = "arXiv",
      primaryClass   = "physics.acc-ph",
      SLACcitation   = "%%CITATION = ARXIV:1103.1583;%%",
}

@article{LHC:LHC_lhc_dipole_Beauquis,
      author         = "Beauquis, J.",
      title          = "{LHC Dipole Geometry Parameters, Comparisons between
                        Producers}",
      journal        = "eConf",
      volume         = "C04100411",
      pages          = "046",
      year           = "2004",
      reportNumber   = "IWAA-2004-046",
      SLACcitation   = "%%CITATION = ECONF,C04100411,046;%%",
}

@misc{LHC:LHC_lhc_dipole_image,
      title        = "Image, CERN LHC, Dipole Magnet, Staging Area",
      note         = "URL~\url{https://cds.cern.ch/record/994212/files/transp-2001-001_05.jpg?subformat=icon-1440}",
}

@misc{LHC:LHC_lhc_quadrupole_schematic_image,
      title        = "Image, CERN LHC, Quadrupole Magnet, Cross Section Schematic",
      note         = "URL~\url{https://cds.cern.ch/record/841485}",
}

@misc{LHC:LHC_lhc_quadrupole_staged_image,
      title        = "Image, CERN LHC, Quadrupole Magnet, Staging Area",
      note         = "URL~\url{http://www.triumf.ca/sites/default/files/images/twinquadrupolemagnets.preview.jpg}",
}

@misc{LHC:LHC_lhc_quadrupole_focusing_schematic_image,
      title        = "Image, CERN LHC, Quadrupole Magnet, Focusing Schematic",
      note         = "URL~\url{http://www.lhc-closer.es/img/subidas/4_6_3_3.png}",
}

@misc{LHC:LHC_lhc_multipole_focusing_schematic_image,
      title        = "Image, CERN LHC, Multipole Magnet, Focusing Schematic",
      note         = "URL~\url{http://www.lhc-closer.es/img/subidas/Multipoles.jpg}",
}

@misc{LHC:LHC_lhc_magnetic_cell_schematic_image,
      title        = "Image, CERN LHC, Magnetic Cell Layout",
      note         = "URL~\url{http://www.lhc-closer.es/img/subidas/4_6_3_4.png}",
}

@misc{LHC:LHC_lhc_IR_schematic_image,
      title        = "Image, CERN LHC, Interaction Region Schematic",
      note         = "URL~\url{http://www.lhc-closer.es/img/subidas/4_6_3_6.jpg}",
}

@misc{Jean-Luc:841461,
      author        = "Jean-Luc Caron",
      title         = "{Superconducting cavity with its cryostat. Cavité
                       supraconductrice dans son cryostat.}",
      month         = "May",
      year          = "1994",
      note          = "AC Collection. Legacy of AC. Pictures from 1992 to 2002.",
}

@misc{LHC:LHC_lhc_rfcav_installed_image,
      title        = "Image, CERN LHC, Superconducting RF Cavities, Installed",
      note         = "URL~\url{http://home.web.cern.ch/sites/home.web.cern.ch/files/image/engineering_page/2013/01/rf-cavity.jpg}",
}

@misc{LHC:LHC_lhc_rfcav_staged_image,
      title        = "Image, CERN LHC, Superconducting RF Cavities, Staged",
      note         = "URL~\url{http://www.lhc-closer.es/img/subidas/4_7_2_2.jpg}",
}

@misc{LHC:LHC_lhc_cryogen_cernWebsite,
      title        = "Outreach, CERN LHC, Cryogenic System",
      note         = "URL~\url{http://home.web.cern.ch/about/engineering/cryogenics-low-temperatures-high-performance}",
}

@article{LHC:LHC_cool_challenge,
      title         = "{The challenge of keeping cool}",
      month         = "Sep",
      year          = "2013",
}

@techreport{LHC:LHC_cryogenicHe_system_Lebrun,
      author        = "Lebrun, P",
      title         = "{Large Cryogenic Helium Refrigeration System for the LHC}",
      institution   = "CERN",
      address       = "Geneva",
      number        = "LHC-Project-Report-629. CERN-LHC-Project-Report-629",
      month         = "Feb",
      year          = "2003",
      note          = "revised version number 1 submitted on 2003-02-19 11:44:11",
}

@misc{LHC:LHC_lhc_cryogen_islands_layout_image,
      title        = "Image, CERN LHC, Layout of the 5 cryogenic islands",
      note         = "URL~\url{http://d29qn7q9z0j1p6.cloudfront.net/content/roypta/370/1973/3887/F12.medium.gif}",
}

@misc{LHC:LHC_lhc_vacuum_cernWebsite,
      title        = "Outreach, CERN LHC, Vacuum System",
      note         = "URL~\url{http://home.web.cern.ch/about/engineering/vacuum-empty-interplanetary-space}",
}

@misc{LHC:LHC_lhc_beamScreen_image,
      title        = "Image, CERN LHC, Beam Screen",
      note         = "URL~\url{http://home.web.cern.ch/sites/home.web.cern.ch/files/image/engineering_page/2013/01/beam-screen_0.jpg}",
}